@article{A2015Methods,
  title={Methods of Qualitative Theory in Nonlinear Dynamics (World Scientific Series on Nonlinear Science, Series a , Part 1)},
  author={A, Series and Part )},
  journal={World Scientific Pub Co Inc},
  year={2015},
}
@article{Leonov2011Localization,
  title={Localization of hidden Chua ºs attractors},
  author={Leonov, G. A and Kuznetsov, N. V and Vagaitsev, V. I},
  journal={Physics Letters A},
  volume={375},
  number={23},
  pages={2230-2233},
  year={2011},
}
@article{leonov2013hidden,
  title={Hidden attractors in dynamical systems. From hidden oscillations in Hilbert--Kolmogorov, Aizerman, and Kalman problems to hidden chaotic attractor in Chua circuits},
  author={Leonov, Gennady A and Kuznetsov, Nikolay V},
  journal={International Journal of Bifurcation and Chaos},
  volume={23},
  number={01},
  pages={1330002},
  year={2013},
  publisher={World Scientific}
}
@article{shuichi1991constant,
  title={Constant temperature molecular dynamics methods},
  author={Shuichi, Nos{\'e}},
  journal={Progress of Theoretical Physics Supplement},
  volume={103},
  pages={1--46},
  year={1991},
  publisher={Oxford University Press}
}
@article{PhysRevE.51.759,
  title = {Remark on ``Some simple chaotic flows''},
  author = {Hoover, William G.},
  journal = {Phys. Rev. E},
  volume = {51},
  issue = {1},
  pages = {759--760},
  numpages = {0},
  year = {1995},
  month = {Jan},
  publisher = {American Physical Society},
  doi = {10.1103/PhysRevE.51.759},
  url = {https://link.aps.org/doi/10.1103/PhysRevE.51.759}
}
@article{sprott2014heat,
  title={Heat conduction, and the lack thereof, in time-reversible dynamical systems: Generalized Nos{\'e}-Hoover oscillators with a temperature gradient},
  author={Sprott, Julien Clinton and Hoover, William Graham and Hoover, Carol Griswold},
  journal={Physical Review E},
  volume={89},
  number={4},
  pages={042914},
  year={2014},
  publisher={APS}
}
@article{molaie2013simple,
  title={Simple chaotic flows with one stable equilibrium},
  author={Molaie, Malihe and Jafari, Sajad and Sprott, Julien Clinton and Golpayegani, S Mohammad Reza Hashemi},
  journal={International Journal of Bifurcation and Chaos},
  volume={23},
  number={11},
  pages={1350188},
  year={2013},
  publisher={World Scientific}
}

@article{politi1986coexistence,
  title={Coexistence of conservative and dissipative behavior in reversible dynamical systems},
  author={Politi, A and Oppo, GL and Badii, R},
  journal={Physical Review A},
  volume={33},
  number={6},
  pages={4055},
  year={1986},
  publisher={APS}
}
@article{sprott2014dynamical,
  title={A dynamical system with a strange attractor and invariant tori},
  author={Sprott, JC},
  journal={Physics Letters A},
  volume={378},
  number={20},
  pages={1361--1363},
  year={2014},
  publisher={Elsevier}
}
@article{lorenz1963deterministic,
  title={Deterministic nonperiodic flow},
  author={Lorenz, Edward N},
  journal={Journal of the atmospheric sciences},
  volume={20},
  number={2},
  pages={130--141},
  year={1963}
}
@article{rossler1976equation,
  title={An equation for continuous chaos},
  author={R{\"o}ssler, Otto E},
  journal={Physics Letters A},
  volume={57},
  number={5},
  pages={397--398},
  year={1976},
  publisher={Elsevier}
}
@article{sprott1997simplest,
  title={Simplest dissipative chaotic flow},
  author={Sprott, JC},
  journal={Physics letters A},
  volume={228},
  number={4-5},
  pages={271--274},
  year={1997},
  publisher={Elsevier}
}
@article{sprott1994some,
  title={Some simple chaotic flows},
  author={Sprott, J Clint},
  journal={Physical review E},
  volume={50},
  number={2},
  pages={R647},
  year={1994},
  publisher={APS}
}
@article{jafari2013attention,
  title={Is attention deficit hyperactivity disorder a kind of intermittent chaos?},
  author={Jafari, Sajad and Baghdadi, Golnaz and Golpayegani, SM Reza H and Towhidkhah, Farzad and Gharibzadeh, Shahriar},
  journal={The Journal of neuropsychiatry and clinical neurosciences},
  volume={25},
  number={2},
  pages={E02--E02},
  year={2013},
  publisher={Am Neuropsych Assoc}
}
@article{chaudhuri2014complicated,
  title={Complicated basins and the phenomenon of amplitude death in coupled hidden attractors},
  author={Chaudhuri, Ushnish and Prasad, Awadhesh},
  journal={Physics Letters A},
  volume={378},
  number={9},
  pages={713--718},
  year={2014},
  publisher={Elsevier}
}
@article{sprott2015chaotic,
  title={A chaotic system with a single unstable node},
  author={Sprott, JC and Jafari, Sajad and Pham, Viet-Thanh and Hosseini, Zahra Sadat},
  journal={Physics Letters A},
  volume={379},
  number={36},
  pages={2030--2036},
  year={2015},
  publisher={Elsevier}
}